@inproceedings{use1,
  title={Computing Semantic Relatedness Using Wikipedia-based Explicit Semantic Analysis.},
  author={Gabrilovich, Evgeniy and Markovitch, Shaul},
  booktitle={IJCAI},
  volume={7},
  pages={1606--1611},
  year={2007}
}

@article{use2,
  title={Data mining for improving textbooks},
  author={Agrawal, Rakesh and Gollapudi, Sreenivas and Kannan, Anitha and Kenthapadi, Krishnaram},
  journal={ACM SIGKDD Explorations Newsletter},
  volume={13},
  number={2},
  pages={7--19},
  year={2012},
  publisher={ACM}
}
@phdthesis{use3,
  title={Human-competitive automatic topic indexing},
  author={Medelyan, Olena},
  year={2009},
  school={The University of Waikato}
}

@incollection{lodifier,
  title={Lodifier: Generating linked data from unstructured text},
  author={Augenstein, Isabelle and Pad{\'o}, Sebastian and Rudolph, Sebastian},
  booktitle={The Semantic Web: Research and Applications},
  pages={210--224},
  year={2012},
  publisher={Springer}
}

@inproceedings{extraction,
  title={Entity extraction: From unstructured text to DBpedia RDF triples},
  author={Exner, Peter and Nugues, Pierre},
  booktitle={The Web of Linked Entities Workshop (WoLE 2012)},
  year={2012}
}

@article{svm,
  title={Making large scale SVM learning practical},
  author={Joachims, Thorsten},
  year={1999},
  publisher={Universit{\"a}t Dortmund}
}

@article{wsd,
  title={Word-sense disambiguation},
  author={Stevenson, Mark and Wilks, Yorick},
  journal={The Oxford Handbook of Comp. Linguistics},
  pages={249--265},
  year={2003}
}

@book{ir,
  title={Introduction to information retrieval},
  author={Manning, Christopher D and Raghavan, Prabhakar and Sch{\"u}tze, Hinrich},
  volume={1},
  year={2008},
  publisher={Cambridge university press Cambridge}
}

@inproceedings{kulkarni,
  title={Collective annotation of Wikipedia entities in web text},
  author={Kulkarni, Sayali and Singh, Amit and Ramakrishnan, Ganesh and Chakrabarti, Soumen},
  booktitle={Proceedings of the 15th ACM SIGKDD international conference on Knowledge discovery and data mining},
  pages={457--466},
  year={2009},
  organization={ACM}
}

@inproceedings{milne,
  title={Learning to link with wikipedia},
  author={Milne, David and Witten, Ian H},
  booktitle={Proceedings of the 17th ACM conference on Information and knowledge management},
  pages={509--518},
  year={2008},
  organization={ACM}
}

@article{wikification,
  title={Linking educational materials to encyclopedic knowledge},
  author={Csomai, Andras and Mihalcea, Rada},
  journal={Frontiers in Artificial Intelligence and Applications},
  volume={158},
  pages={557},
  year={2007},
  publisher={IOS Press}
}

@inproceedings{roth,
  title={Local and global algorithms for disambiguation to wikipedia},
  author={Ratinov, Lev and Roth, Dan and Downey, Doug and Anderson, Mike},
  booktitle={Proceedings of the 49th Annual Meeting of the Association for Computational Linguistics: Human Language Technologies-Volume 1},
  pages={1375--1384},
  year={2011},
  organization={Association for Computational Linguistics}
}

@inproceedings{bunescu,
  title={Using Encyclopedic Knowledge for Named entity Disambiguation.},
  author={Bunescu, Razvan C and Pasca, Marius},
  booktitle={EACL},
  volume={6},
  pages={9--16},
  year={2006}
}

@inproceedings{wikify,
  title={Wikify!: linking documents to encyclopedic knowledge},
  author={Mihalcea, Rada and Csomai, Andras},
  booktitle={Proceedings of the sixteenth ACM conference on Conference on information and knowledge management},
  pages={233--242},
  year={2007},
  organization={ACM}
}

@inproceedings{cucerzan,
  title={Large-Scale Named Entity Disambiguation Based on Wikipedia Data.},
  author={Cucerzan, Silviu},
  booktitle={EMNLP-CoNLL},
  volume={7},
  pages={708--716},
  year={2007}
}

@inproceedings{global1,
  title={Named entity disambiguation by leveraging wikipedia semantic knowledge},
  author={Han, Xianpei and Zhao, Jun},
  booktitle={Proceedings of the 18th ACM conference on Information and knowledge management},
  pages={215--224},
  year={2009},
  organization={ACM}
}

@article{wsd,
  title={Word sense disambiguation},
  author={Stevenson, Mark and Wilks, Yorick},
  journal={The Oxford Handbook of Comp. Linguistics},
  pages={249--265},
  year={2003}
}

@article{ner,
  title={A survey of named entity recognition and classification},
  author={Nadeau, David and Sekine, Satoshi},
  journal={Lingvisticae Investigationes},
  volume={30},
  number={1},
  pages={3--26},
  year={2007},
  publisher={John Benjamins publishing company}
}

@inproceedings{stanford,
  title={Incorporating non-local information into information extraction systems by gibbs sampling},
  author={Finkel, Jenny Rose and Grenager, Trond and Manning, Christopher},
  booktitle={Proceedings of the 43rd Annual Meeting on Association for Computational Linguistics},
  pages={363--370},
  year={2005},
  organization={Association for Computational Linguistics}
}